@article{schaaf1966,
  author    = {A. H. Schaaf},
  title     = {Regional Differences in Mortgage Financing Costs},
  journal   = {The Journal of Finance},
  year      = {1966},
  volume    = {21},
  number    = {1},
  pages     = {85--94},
  publisher = {Wiley for the American Finance Association},
  url       = {https://www.jstor.org/stable/2977600}
}
